@BOOK{Rum12,
  title = {{Agile Modellierung mit UML : Codegenerierung, Testf{\"a}lle, Refactoring}},
  publisher = {Springer},
  year = {2012},
  author = {Bernhard Rumpe},
  volume = {2nd Edition},
  keywords = {UML, Codegeneration, ModelBasedTesting, Refactoring, SSE}
}

@MISC{SE10,
  title = {{Software Engineering website {\tt http://www.se-rwth.de/}}},
  year = {2010},
  month = {june},
  date = {2010-06-29},
  key = {www},
  mylabel = {www},
  timestamp = {2010.06.29}
}

@MISC{Mon10,
  title = {{MontiCore website {\tt http://monticore.org/}}},
  year = {2010},
  month = {june},
  date = {2010-06-29},
  key = {www},
  mylabel = {www},
  timestamp = {2010.06.29}
}

@MISC{Armadillo,
  title = {{Armadillo C++ library for linear algebra \& scientific computing, website {\tt http://arma.sourceforge.net/}}},
  year = {2018},
  accessed = {28-August-2018}
}

@MISC{Emscripten,
  title = {{Emscripten, toolchain for compiling to WebAssembly, website {\tt https://kripken.github.io/emscripten-site/index.html}}},
  year = {2018},
  accessed = {28-August-2018}
}

@MISC{FilesystemAPI,
  title = {{Cloud9 SDK, the filesystem API, website {\tt https://cloud9-sdk.readme.io/docs/the-filesystem-api}}},
  year = {2018},
  accessed = {5-September-2018}
}

@MISC{JSPromise,
  title = {{JavaScript, Promise, website {\tt https://developer.mozilla.org/en-US/docs/Web/JavaScript/Reference/GlobalObjects/Promise}}},
  year = {2018},
  accessed = {6-September-2018}
}

@MISC{JSZip,
  title = {{JS library for creating, reading and editing .zip files, website {\tt https://stuk.github.io/jszip/}}},
  year = {2018},
  accessed = {6-September-2018}
}

@MISC{XMLHttpRequest,
  title = {{JS Objects to interact with servers, website {\tt https://developer.mozilla.org/en-US/docs/Web/API/XMLHttpRequest}}},
  year = {2018},
  accessed = {6-September-2018}
}
